<?xml version="1.0" encoding="UTF-8"?><record xmlns="http://www.loc.gov/MARC21/slim" xmlns:cinclude="http://apache.org/cocoon/include/1.0" xmlns:zs="http://www.loc.gov/zing/srw/">
  <leader>00431nz  a2200133n  4500</leader>
  <controlfield tag="001">n  96023196 </controlfield>
  <controlfield tag="003">DLC</controlfield>
  <controlfield tag="005">19960312065802.5</controlfield>
  <controlfield tag="008">960312n| acannaab|          |a aaa |||  </controlfield>
  <datafield tag="010" ind1=" " ind2=" ">
    <subfield code="a">n  96023196 </subfield>
  </datafield>
  <datafield tag="040" ind1=" " ind2=" ">
    <subfield code="a">DLC</subfield>
    <subfield code="c">DLC</subfield>
  </datafield>
  <datafield tag="100" ind1="1" ind2="0">
    <subfield code="a">Von Potobsky, Geraldo.</subfield>
    <subfield code="t">OrganizacioĚn Internacional del Trabajo.</subfield>
    <subfield code="l">English</subfield>
  </datafield>
  <datafield tag="400" ind1="1" ind2="0">
    <subfield code="a">Von Potobsky, Geraldo.</subfield>
    <subfield code="t">International Labor Organization</subfield>
  </datafield>
  <datafield tag="670" ind1=" " ind2=" ">
    <subfield code="a">His The International Labor Organization, 1996.</subfield>
  </datafield>
</record>